<?xml version="1.0" encoding="utf-8"?>

  <record>
    <leader>01843cas a2200469 i 4500</leader>
    <controlfield tag="001">on1099471502</controlfield>
    <controlfield tag="003">OCoLC</controlfield>
    <controlfield tag="005">20190627105101.0</controlfield>
    <controlfield tag="006">m o d</controlfield>
    <controlfield tag="007">cr mn|||||||||</controlfield>
    <controlfield tag="008">190429c19229999oruwr neo 0 0eng c</controlfield>
    <datafield tag="010" ind1="" ind2="">
      <subfield code="a">2019260070</subfield>
    </datafield>
    <datafield tag="040" ind1="" ind2="">
      <subfield code="a">ORU</subfield>
      <subfield code="b">eng</subfield>
      <subfield code="e">rda</subfield>
      <subfield code="e">pn</subfield>
      <subfield code="c">ORU</subfield>
      <subfield code="d">ORU</subfield>
    </datafield>
    <datafield tag="035" ind1="" ind2="">
      <subfield code="a">(OCoLC)1099471502</subfield>
    </datafield>
    <datafield tag="037" ind1="" ind2="">
      <subfield code="b">Cottage Grove Sentinel, 116 North Sixth St., P.O. Box 35, Cottage Grove, OR 97424</subfield>
    </datafield>
    <datafield tag="042" ind1="" ind2="">
      <subfield code="a">pcc</subfield>
    </datafield>
    <datafield tag="043" ind1="" ind2="">
      <subfield code="a">n-us-or</subfield>
    </datafield>
    <datafield tag="049" ind1="" ind2="">
      <subfield code="a">ORUM</subfield>
    </datafield>
    <datafield tag="130" ind1="0" ind2="">
      <subfield code="a">Cottage Grove sentinel (1922)</subfield>
    </datafield>
    <datafield tag="245" ind1="1" ind2="4">
      <subfield code="a">The Cottage Grove sentinel.</subfield>
    </datafield>
    <datafield tag="246" ind1="1" ind2="">
      <subfield code="a">Sentinel</subfield>
    </datafield>
    <datafield tag="264" ind1="" ind2="1">
      <subfield code="a">Cottage Grove, Lane County, Oregon :</subfield>
      <subfield code="b">Elbert Bede and Elbert Smith Publishers,</subfield>
      <subfield code="c">1922-</subfield>
    </datafield>
    <datafield tag="300" ind1="" ind2="">
      <subfield code="a">1 online resource</subfield>
    </datafield>
    <datafield tag="310" ind1="" ind2="">
      <subfield code="a">Weekly,</subfield>
      <subfield code="b">Apr. 12, 1928-</subfield>
    </datafield>
    <datafield tag="321" ind1="" ind2="">
      <subfield code="a">Weekly,</subfield>
      <subfield code="b">Jan. 6, 1922-Nov. 6, 1924</subfield>
    </datafield>
    <datafield tag="321" ind1="" ind2="">
      <subfield code="a">Semiweekly,</subfield>
      <subfield code="b">Nov. 10, 1924-Apr. 5, 1928</subfield>
    </datafield>
    <datafield tag="336" ind1="" ind2="">
      <subfield code="a">text</subfield>
      <subfield code="b">txt</subfield>
      <subfield code="2">rdacontent</subfield>
    </datafield>
    <datafield tag="336" ind1="" ind2="">
      <subfield code="a">still image</subfield>
      <subfield code="b">sti</subfield>
      <subfield code="2">rdacontent</subfield>
    </datafield>
    <datafield tag="337" ind1="" ind2="">
      <subfield code="a">computer</subfield>
      <subfield code="b">c</subfield>
      <subfield code="2">rdamedia</subfield>
    </datafield>
    <datafield tag="338" ind1="" ind2="">
      <subfield code="a">online resource</subfield>
      <subfield code="b">cr</subfield>
      <subfield code="2">rdacarrier</subfield>
    </datafield>
    <datafield tag="362" ind1="1" ind2="">
      <subfield code="a">Began with Volume 32, Number 17 (January 6, 1922).</subfield>
    </datafield>
    <datafield tag="500" ind1="" ind2="">
      <subfield code="a">Publisher varies.</subfield>
    </datafield>
    <datafield tag="530" ind1="" ind2="">
      <subfield code="a">Also issued on microfilm from University of Oregon.</subfield>
    </datafield>
    <datafield tag="588" ind1="" ind2="">
      <subfield code="a">Description based on print version record.</subfield>
    </datafield>
    <datafield tag="588" ind1="" ind2="">
      <subfield code="a">Latest issue consulted: Volume 130, Number 43 (May 23, 2018) (University of Oregon, Historic Oregon Newspapers, viewed April 29, 2019).</subfield>
    </datafield>
    <datafield tag="651" ind1="" ind2="0">
      <subfield code="a">Cottage Grove (Or.)</subfield>
      <subfield code="v">Newspapers.</subfield>
    </datafield>
    <datafield tag="651" ind1="" ind2="0">
      <subfield code="a">Lane County (Or.)</subfield>
      <subfield code="v">Newspapers.</subfield>
    </datafield>
    <datafield tag="655" ind1="" ind2="7">
      <subfield code="a">Newspapers.</subfield>
      <subfield code="2">lcgft</subfield>
    </datafield>
    <datafield tag="752" ind1="" ind2="">
      <subfield code="a">United States</subfield>
      <subfield code="b">Oregon</subfield>
      <subfield code="c">Lane</subfield>
      <subfield code="d">Cottage Grove.</subfield>
    </datafield>
    <datafield tag="776" ind1="0" ind2="8">
      <subfield code="i">Print version:</subfield>
      <subfield code="t">Cottage Grove sentinel (1922)</subfield>
      <subfield code="w">(DLC) 2019260059</subfield>
      <subfield code="w">(OCoLC)1099470777</subfield>
    </datafield>
    <datafield tag="780" ind1="0" ind2="0">
      <subfield code="t">Cottage Grove sentinel and Cottage Grove leader</subfield>
      <subfield code="w">(DLC) 2019260072</subfield>
      <subfield code="w">(OCoLC)1099471426</subfield>
    </datafield>
    <datafield tag="994" ind1="" ind2="">
      <subfield code="a">C0</subfield>
      <subfield code="b">ORU</subfield>
    </datafield>
  </record>

